<?xml version="1.0" encoding="UTF-8"?>
<collection xmlns:xsi="http://www.w3.org/2001/XMLSchema-instance" xsi:schemaLocation="http://www.loc.gov/MARC21/slim http://www.loc.gov/standards/marcxml/schema/MARC21slim.xsd" xmlns="http://www.loc.gov/MARC21/slim">
<record>
  <leader>00976cam a2200265   4500</leader>
  <controlfield tag="001">3274716</controlfield>
  <controlfield tag="003">NNC</controlfield>
  <controlfield tag="005">20130426155240.0</controlfield>
  <controlfield tag="008">801204s1906    le b          000 0 ara  </controlfield>
  <datafield tag="010" ind1=" " ind2=" ">
    <subfield code="a">   53048664 </subfield>
  </datafield>
  <datafield tag="035" ind1=" " ind2=" ">
    <subfield code="a">(OCoLC)ocm06995501</subfield>
  </datafield>
  <datafield tag="035" ind1=" " ind2=" ">
    <subfield code="9">AUQ6822CU</subfield>
  </datafield>
  <datafield tag="035" ind1=" " ind2=" ">
    <subfield code="a">(NNC)3274716</subfield>
  </datafield>
  <datafield tag="040" ind1=" " ind2=" ">
    <subfield code="a">DLC</subfield>
    <subfield code="c">CLE</subfield>
    <subfield code="d">SER</subfield>
    <subfield code="d">ZCU</subfield>
  </datafield>
  <datafield tag="050" ind1="0" ind2=" ">
    <subfield code="a">E143</subfield>
    <subfield code="b">.I42</subfield>
  </datafield>
  <datafield tag="099" ind1=" " ind2=" ">
    <subfield code="a">893.7EL4</subfield>
    <subfield code="a">I</subfield>
  </datafield>
  <datafield tag="100" ind1="0" ind2=" ">
    <subfield code="a">Ilyās ibn Ḥannā al-Mawṣulī.</subfield>
  </datafield>
  <datafield tag="245" ind1="1" ind2="0">
    <subfield code="a">Le plus ancien voyage d'un Oriental en Amérique (1668-1683)</subfield>
    <subfield code="b">Voyage du curé chaldéen Elias, fils du prêtre Jean de Mossoul, d'après le manuscrit de l'archevêché syrien d'Alep,</subfield>
    <subfield code="c">édité pour la première fois et annoté par le p. Antoine Rabbath.</subfield>
  </datafield>
  <datafield tag="260" ind1=" " ind2=" ">
    <subfield code="a">Beyrouth,</subfield>
    <subfield code="b">Impr. catholique,</subfield>
    <subfield code="c">1906.</subfield>
  </datafield>
  <datafield tag="300" ind1=" " ind2=" ">
    <subfield code="a">91 p.</subfield>
    <subfield code="b">fold. map.</subfield>
    <subfield code="c">25 cm.</subfield>
  </datafield>
  <datafield tag="500" ind1=" " ind2=" ">
    <subfield code="a">Cover title.</subfield>
  </datafield>
  <datafield tag="500" ind1=" " ind2=" ">
    <subfield code="a">In Arabic.</subfield>
  </datafield>
  <datafield tag="651" ind1=" " ind2="0">
    <subfield code="a">Latin America</subfield>
    <subfield code="x">Description and travel.</subfield>
  </datafield>
  <datafield tag="700" ind1="1" ind2=" ">
    <subfield code="a">Rabbath, Antoine,</subfield>
    <subfield code="d">1867-1913,</subfield>
    <subfield code="e">editor.</subfield>
  </datafield>
  <datafield tag="955" ind1=" " ind2=" ">
    <subfield code="b">CU59002980</subfield>
    <subfield code="d">off,glx</subfield>
    <subfield code="e">893.7EL4 I</subfield>
  </datafield>
</record>
</collection>